<?xml version="1.0" encoding="UTF-8"?>
<collection
  xmlns:xsi="http://www.w3.org/2001/XMLSchema-instance"
  xsi:schemaLocation="http://www.loc.gov/MARC21/slim http://www.loc.gov/standards/marcxml/schema/MARC21slim.xsd"
  xmlns="http://www.loc.gov/MARC21/slim">

<record>
  <leader>04050ckdaa2200505 a 4500</leader>
  <controlfield tag="001">3460547</controlfield>
  <controlfield tag="005">20100226102541.0</controlfield>
  <controlfield tag="008">870309s1959    xx ||| |||||||    k|eng d</controlfield>
  <datafield tag="035" ind1=" " ind2=" ">
    <subfield code="a">(OCoLC)81190109</subfield>
  </datafield>
  <datafield tag="035" ind1=" " ind2=" ">
    <subfield code="a">(OCoLC)ocm81190109</subfield>
  </datafield>
  <datafield tag="035" ind1=" " ind2=" ">
    <subfield code="a">(CStRLIN)NYDA87-F99</subfield>
  </datafield>
  <datafield tag="035" ind1=" " ind2=" ">
    <subfield code="9">AAA1018AD</subfield>
  </datafield>
  <datafield tag="035" ind1=" " ind2=" ">
    <subfield code="a">(NNC)3460547</subfield>
  </datafield>
  <datafield tag="040" ind1=" " ind2=" ">
    <subfield code="a">NNC</subfield>
    <subfield code="c">NNC</subfield>
    <subfield code="e">gihc</subfield>
  </datafield>
  <datafield tag="043" ind1=" " ind2=" ">
    <subfield code="a">n-us-ny</subfield>
  </datafield>
  <datafield tag="100" ind1="1" ind2=" ">
    <subfield code="a">Ferriss, Hugh,</subfield>
    <subfield code="d">1889-1962.</subfield>
  </datafield>
  <datafield tag="240" ind1="1" ind2="0">
    <subfield code="a">Imaginary drawings.</subfield>
    <subfield code="p">Zoning ordinances</subfield>
  </datafield>
  <datafield tag="245" ind1="1" ind2="0">
    <subfield code="a">[Studies for 1959 zoning regulations]</subfield>
    <subfield code="h">[graphic]</subfield>
  </datafield>
  <datafield tag="260" ind1=" " ind2=" ">
    <subfield code="c">[ca. 1959.]</subfield>
  </datafield>
  <datafield tag="300" ind1=" " ind2=" ">
    <subfield code="a">9 drawings :</subfield>
    <subfield code="b">graphite on tracing paper ;</subfield>
    <subfield code="c">34.6 x 68.9 cm. (13 5/8 x 27 1/8 in.) or smaller.</subfield>
  </datafield>
  <datafield tag="500" ind1=" " ind2=" ">
    <subfield code="a">Title and date supplied by cataloger, from information in Hugh Ferriss: Metropolis [exhibition checklist], 1986, Carol Willis, curator.</subfield>
  </datafield>
  <datafield tag="500" ind1=" " ind2=" ">
    <subfield code="a">1916 date refers to earlier zoning ordinance being compared with the proposed.</subfield>
  </datafield>
  <datafield tag="580" ind1=" " ind2=" ">
    <subfield code="a">Forms part of the Hugh Ferriss architectural drawings and papers, Dept. of Drawings &amp; Archives, Avery Architectural and Fine Arts Library, Columbia University.</subfield>
  </datafield>
  <datafield tag="650" ind1=" " ind2="7">
    <subfield code="a">Zoning ordinances.</subfield>
    <subfield code="2">aat</subfield>
  </datafield>
  <datafield tag="655" ind1=" " ind2="7">
    <subfield code="a">Architectural drawings</subfield>
    <subfield code="x">American.</subfield>
    <subfield code="2">aat</subfield>
  </datafield>
  <datafield tag="655" ind1=" " ind2="7">
    <subfield code="a">Perspective drawings.</subfield>
    <subfield code="2">aat</subfield>
  </datafield>
  <datafield tag="655" ind1=" " ind2="7">
    <subfield code="a">Imaginary drawings.</subfield>
    <subfield code="2">aat</subfield>
  </datafield>
  <datafield tag="655" ind1=" " ind2="7">
    <subfield code="a">Plans.</subfield>
    <subfield code="2">aat</subfield>
  </datafield>
  <datafield tag="655" ind1=" " ind2="7">
    <subfield code="a">Elevations.</subfield>
    <subfield code="2">aat</subfield>
  </datafield>
  <datafield tag="651" ind1=" " ind2="0">
    <subfield code="a">New York (N.Y.)</subfield>
  </datafield>
  <datafield tag="651" ind1=" " ind2="0">
    <subfield code="a">Park Avenue (Manhattan, New York, N.Y.)</subfield>
  </datafield>
  <datafield tag="650" ind1=" " ind2="0">
    <subfield code="a">Architecture</subfield>
    <subfield code="z">United States</subfield>
    <subfield code="v">Designs and plans.</subfield>
  </datafield>
  <datafield tag="740" ind1="0" ind2="3">
    <subfield code="a">New York Zoning.</subfield>
  </datafield>
  <datafield tag="755" ind1=" " ind2=" ">
    <subfield code="a">Pencil drawings.</subfield>
    <subfield code="2">aat</subfield>
  </datafield>
  <datafield tag="799" ind1="4" ind2="3">
    <subfield code="a">The Hugh Ferriss collection.</subfield>
  </datafield>
  <datafield tag="789" ind1="0" ind2=" ">
    <subfield code="l">[1]</subfield>
    <subfield code="i">NYDA.1000.001.00170.</subfield>
    <subfield code="t">Existing conditions ; Park Ave as it could be rebuilt under existing zoning resolution ; Park Ave as it could be rebuilt under proposed zoning resolution ...</subfield>
    <subfield code="p">Graphite with colored (pencil), tracing paper mounted on board ; 34.6 x 68.9 cm. (13 5/8 x 27 1/8 in.)</subfield>
    <subfield code="o">Title (and other notes) on lower margin.</subfield>
    <subfield code="o">3 individual images.</subfield>
  </datafield>
  <datafield tag="789" ind1="0" ind2=" ">
    <subfield code="l">[2]</subfield>
    <subfield code="i">NYDA.1000.001.00171.</subfield>
    <subfield code="t">Park Ave today.</subfield>
    <subfield code="p">Graphite with colored pencil on tracing paper ; 24.4 x 16 cm. (9 5/8 x 6 3/8 in.)</subfield>
    <subfield code="o">Title lower center.</subfield>
    <subfield code="o">"Section ; from a Photo"--inscription on drawing.</subfield>
    <subfield code="o">Some dimensions.</subfield>
  </datafield>
  <datafield tag="789" ind1="0" ind2=" ">
    <subfield code="l">[3]</subfield>
    <subfield code="i">NYDA.1000.001.00172.</subfield>
    <subfield code="t">B-1 200 x 600 lot in C5-2 district.</subfield>
    <subfield code="p">Graphite with red pencil on tracing paper mounted ; 35.2 x 59.5 cm. (13 7/8 x 23 3/8 in.)</subfield>
    <subfield code="o">Title on mount, lower left.</subfield>
    <subfield code="o">Some notes on drawings.</subfield>
  </datafield>
  <datafield tag="789" ind1="0" ind2=" ">
    <subfield code="l">[4]</subfield>
    <subfield code="i">NYDA.1000.001.00173.</subfield>
    <subfield code="t">[Perspective, plan &amp; elevations of an unknown building]</subfield>
    <subfield code="p">Graphite with colored pencil on tracing paper ; 32.2 x 45.8 cm. (12 3/4 x 18 in.)</subfield>
    <subfield code="o">Notes describing permissible area.</subfield>
  </datafield>
  <datafield tag="789" ind1="0" ind2=" ">
    <subfield code="l">[5]</subfield>
    <subfield code="i">NYDA.1000.001.00174.</subfield>
    <subfield code="t">A-1 ; A-2.</subfield>
    <subfield code="p">Graphite with colored pencil on tracing paper ; 33.4 x 44.4 cm. (13 1/8 x 17 1/2 in.)</subfield>
    <subfield code="o">Two images, each with title and notes.</subfield>
  </datafield>
  <datafield tag="789" ind1="0" ind2=" ">
    <subfield code="l">[6]</subfield>
    <subfield code="i">NYDA.1000.001.00175.</subfield>
    <subfield code="t">A-1916.</subfield>
    <subfield code="p">Graphite with orange (pencil) on tracing paper ; 43.5 x 35.7 cm. (17 1/8 x 14 1/8 in.)</subfield>
    <subfield code="o">Title, some notes, left center.</subfield>
  </datafield>
  <datafield tag="789" ind1="0" ind2=" ">
    <subfield code="l">[7]</subfield>
    <subfield code="i">NYDA.1000.001.00176.</subfield>
    <subfield code="t">A-4 : perspective, plans &amp; elevations.</subfield>
    <subfield code="p">Graphite on tracing paper ; 43.0 x 35.8 cm. (17 x 14 1/8 in.)</subfield>
    <subfield code="o">Title (and notes) lower left.</subfield>
  </datafield>
  <datafield tag="789" ind1="0" ind2=" ">
    <subfield code="l">[8]</subfield>
    <subfield code="i">NYDA.1000.001.00177.</subfield>
    <subfield code="t">A-3 : "tower provision + bonus for plaza".</subfield>
    <subfield code="p">Graphite with color on tracing paper ; 44.4 x 35.4 cm. (17 1/2 x 14 in.)</subfield>
    <subfield code="o">Title (notes) center-lower left.</subfield>
  </datafield>
  <datafield tag="789" ind1="0" ind2=" ">
    <subfield code="l">[9]</subfield>
    <subfield code="i">NYDA.1000.001.00179.</subfield>
    <subfield code="t">[Zoning C-55]</subfield>
    <subfield code="p">Graphite with colored pencil on tracing paper ; 34.1 x 43.6 cm. (13 1/2 x 17 1/4 in.)</subfield>
    <subfield code="o">Three images on the sheet labeled the following: -1959, (see A-4) C5-2, FAR-1000, Street Wall Provision, Tower Provision, Plaza Bonus Wall Provision, Tower Provision, Plaza Bonus -1916, (see A-1916)"1 1/2- Times zone", Tower Area : 1/4 Lot Area (Areal?), No FAR. -1959, (See A-1), District-C5-2, FAR-1000., C Street Wall Provision, C Initial Set Back, C sky Exposure Plaza.</subfield>
    <subfield code="o">Some other notes, some dimensions.</subfield>
    <subfield code="o">Title in Hugh Ferriss: Metropolis [exhibition checklist]: New York Zoning, three studies of proposed zoning resolution on Park Avenue.</subfield>
  </datafield>
  <datafield tag="900" ind1=" " ind2=" ">
    <subfield code="a">AUTH</subfield>
  </datafield>
</record>

</collection>